@article{rrdnf,
  title={A Rational Analysis of Rule-Based Concept Learning},
  author={Noah D Goodman and Joshua B Tenenbaum and Jacob Feldman and Thomas L Griffiths},
  journal={Cognitive Science},
  volume={32},
  number={1},
  pages={108--154},
  year={2008},
  publisher={Wiley Online Library}
}

@article{feldman,
  title={Minimization of Boolean complexity in human concept learning},
  author={Feldman, Jacob},
  journal={Nature},
  volume={407},
  number={6804},
  pages={630--633},
  year={2000},
}
